% Encoding: UTF-8

@Article{LorenzoStella2017,
  author = {Lorenzo Stella, Andreas Themelis, Pantelis Sopasakis and Panagiotis Patrinos},
  title  = {A Simple and efficient Algoirthm for Nonlinear Model Predictive Control},
  year   = {2017},
}

@Article{AjaySathya2017,
  author = {Ajay Sathya, Pantelis Sopaskis, Ruben Van Parys, Andreas Themelis, Goele Pipeleers and Panagiotis Patrinos},
  title  = {Embedded nonliear model predicitve control for obstacle avoidance using PANOC},
  year   = {2017},
}

@Unpublished{NealParikh,
  author = {Neal Parikh, Stephen Boyd},
  title  = {Proximal Algorithms},
  url    = {https://web.stanford.edu/~boyd/papers/pdf/prox_algs.pdf},
}

@Unpublished{QianYang,
  author = {Qian Yang, Emmanuel Candes},
  title  = {MATH 301: Advanced Topics in Convex Optimization, Lecture 22},
  url    = {https://statweb.stanford.edu/~candes/math301/Lectures/Moreau-Yosida.pdf},
}

@Article{Themelis,
  author = {Andreas Themelis, Lorenzo Stella, Panagiotis Patrinos},
  title  = {Forward-backward envelope for the sum of two nonconvex functions: further properties and nonmonotone line-search algorithms},
}

@Comment{jabref-meta: databaseType:bibtex;}
