% Encoding: UTF-8
@Article{LorenzoStella2017,
  title={A simple and efficient algorithm for nonlinear model predictive control},
  author={Stella, Lorenzo and Themelis, Andreas and Sopasakis, Pantelis and Patrinos, Panagiotis},
  journal={arXiv preprint arXiv:1709.06487},
  year={2017}
}

@Article{AjaySathya2017,
  title={Embedded nonlinear model predictive control for obstacle avoidance using PANOC},
  author={Sathya, Ajay Suresha and Sopasakis, Pantelis and Van Parys, Ruben and Themelis, Andreas and Pipeleers, Goele and Patrinos, Panos},
  booktitle={Proceedings of the 2018 European Control Conference},
  year={2018} 
}

@Unpublished{NealParikh,
  author = {N. Parikh and S. Boyd},
  title  = {Proximal Algorithms},
  url    = {https://web.stanford.edu/~boyd/papers/pdf/prox_algs.pdf},
}

@Unpublished{QianYang,
  author = {Q. Yang and E. Candes},
  title  = {MATH 301: Advanced Topics in Convex Optimization, Lecture 22},
  url = {https://statweb.stanford.edu/~candes/math301/Lectures/Moreau-Yosida.pdf},
}

@Article{Themelis,
  title={Forward-backward envelope for the sum of two nonconvex functions: Further properties and nonmonotone line-search algorithms},
  author={Themelis, Andreas and Stella, Lorenzo and Patrinos, Panagiotis},
  journal={arXiv preprint arXiv:1606.06256},
  year={2016}
}

@Article{Dong-HuiLi1999,
  title={On the global convergence of the BFGS method for nonconvex unconstrained optimization problems},
  author={Li, Dong-Hui and Fukushima, Masao},
  journal={SIAM Journal on Optimization},
  volume={11},
  number={4},
  pages={1054--1064},
  year={2001},
  publisher={SIAM}
}

@Unpublished{Wikipedia,
  author = {Wikipedia the free encyclopedia},
  title  = {Model predictive control},
  url    = {https://en.wikipedia.org/wiki/Model_predictive_control},
}

@Book{Wright,
  title     = {Numerical Optimiztion},
  publisher = {Springer},
  author    = {J. Nocedal and S. Wright},
  journal={Springer Science}
}

@Article{Diehl2005,
  title={Fast direct multiple shooting algorithms for optimal robot control},
  author={Diehl, Moritz and Bock, Hans Georg and Diedam, Holger and Wieber, P-B},
  booktitle={Fast motions in biomechanics and robotics},
  pages={65--93},
  year={2006},
  publisher={Springer}
}

@Unpublished{Agudelo,
  author = {O. M. Agudelo and Bart De Moor},
  title  = {Computergestuurde Regeltechniek exercise session Case study: Quadcopter},
}

@Unpublished{Dhiel,
  author = {M. Dhiel},
  title  = {Numerical Optimization Scriptum},
}

@Comment{jabref-meta: databaseType:bibtex;}
